% -------------------- Compton Scanner -------------------
@article{compton_scanner,
	Author = {Abt, Iris and Gooch, Chris and Hagemann, Felix and Hauertmann, Lukas and Hervas Aguilar, David and Liu, Xiang and Schulz, Oliver and Schuster, Martin and Zsigmond, Anna Julia},
	Da = {2022/10/22},
	Date-Added = {2022-10-22 17:09:59 +0000},
	Date-Modified = {2022-10-22 17:10:37 +0000},
	Doi = {10.1140/epjc/s10052-022-10884-y},
	Id = {Abt2022},
	Isbn = {1434-6052},
	Journal = {The European Physical Journal C},
	Number = {10},
	Pages = {936},
	Title = {{A novel wide-angle Compton Scanner setup to study bulk events in germanium detectors}},
	Ty = {JOUR},
	Url = {https://doi.org/10.1140/epjc/s10052-022-10884-y},
	Volume = {82},
	Year = {2022},
	Bdsk-Url-1 = {https://doi.org/10.1140/epjc/s10052-022-10884-y}
}

@misc{felix_comm,
  author = "Hagemann, Felix",
  date = "2023-02-10",
  howpublished = "personal communication"
}
@misc{alignment_jan,
    author = {J.~Pl\"o\ss{ner}},
    title = {Upgrade of the Compton Scanner at the MPP with a second camera},
    year = {2021},
    school = {Technische Universit\"at M\"unchen},
    note = {Bachelor's thesis},
    url = {https://wwwgedet.mpp.mpg.de/publication/Ploessner.pdf}
}
@misc{felix_masters,
    author = {Hagemann, Felix},
    title = {Dependence of signal development in germanium detectors on temperature and operating voltage},
    year = {2021},
    school = {Technische Universit\"at Berlin},
    note = {Master's thesis},
    url = {https://hdl.handle.net/21.11116/0000-0008-1B6F-F}
}

% -------------------- Statistics -------------------

@article{fc,
	title = {Unified approach to the classical statistical analysis of small signals},
	author = {Feldman, Gary J. and Cousins, Robert D.},
	journal = {Phys. Rev. D},
	volume = {57},
	issue = {7},
	pages = {3873--3889},
	numpages = {0},
	year = {1998},
	month = {Apr},
	publisher = {American Physical Society},
	doi = {10.1103/PhysRevD.57.3873},
	url = {https://link.aps.org/doi/10.1103/PhysRevD.57.3873}
}

% -------------------- MJD Internal Docs -------------------

@article{avseuni,
	author        = {Cuesta, C. and Pettus, W.},
	title         = "{M-TECHDOCUNIDOC-2017-014; Multi-site event discrimination for the {\MJDEMit}; draft}",
	month         = "Apr",
	year          = "2017",
}

@article{dc,
      author        = {Myslik, J. and Caldwell, T.},
      title         = {{M-TECHDOCUNIDOC-2017-018: Data Cleaning in DS0-DS6 for $0\nu\beta\beta$-decay
                       analysis; final}},
      month         = "Aug",
      year          = "2017",
}

@article{pileup_uni,
	author        = {Hervas Aguilar, D.},
	title         = {{M-TECHDOCUNI-2019-044; As-Built and Preliminary Background Model Comparison; draft}},
	month         = "Apr",
	year          = "2020",
}

@article{bgm_uni,
	author        = {Hervas Aguilar, D.},
	title         = {{M-TECHDOCUNI-2019-041; Data Cleaning: Pile-up rejection in DS6; draft}},
	month         = "Jun",
	year          = "2019",
}

% -------------------- 0vbb Experiments -------------------

@article{exo200,
	title = {{Search for Neutrinoless Double-$\ensuremath{\beta}$ Decay with the Complete EXO-200 Dataset}},
	author = "{G. Anton et al [EXO-200 Collaboration]}",
	collaboration = {EXO-200 Collaboration},
	journal = {Phys. Rev. Lett.},
	volume = {123},
	issue = {16},
	pages = {161802},
	numpages = {7},
	year = {2019},
	month = {Oct},
	publisher = {American Physical Society},
	doi = {10.1103/PhysRevLett.123.161802},
	url = {https://link.aps.org/doi/10.1103/PhysRevLett.123.161802}
}

@article{nexo,
  title = {{Sensitivity and discovery potential of the proposed nEXO experiment to neutrinoless double-$\ensuremath{\beta}$ decay}},
  author = {Albert, J. B. and others},
  collaboration = {nEXO Collaboration},
  journal = {Phys. Rev. C},
  volume = {97},
  issue = {6},
  pages = {065503},
  numpages = {22},
  year = {2018},
  month = {Jun},
  publisher = {American Physical Society},
  doi = {10.1103/PhysRevC.97.065503},
  url = {https://link.aps.org/doi/10.1103/PhysRevC.97.065503}
}


@article{igex,
	title = {{$\text{IGEX}$ ${}^{76}\mathrm{Ge}$ neutrinoless double-beta decay experiment: Prospects for next generation experiments}},
	author = {C. E. Aalseth and others},
	collaboration = {IGEX Collaboration},
	journal = {Phys. Rev. D},
	volume = {65},
	issue = {9},
	pages = {092007},
	numpages = {6},
	year = {2002},
	month = {May},
	publisher = {American Physical Society},
	doi = {10.1103/PhysRevD.65.092007},
	url = {https://link.aps.org/doi/10.1103/PhysRevD.65.092007}
}

@article{h-m,
	Author = {H. V. Klapdor-Kleingrothaus and others},
	Da = {2001/10/01},
	Date-Added = {2020-05-27 19:24:02 +0000},
	Date-Modified = {2020-05-27 19:24:02 +0000},
	Doi = {10.1007/s100500170022},
	Id = {Klapdor-Kleingrothaus2001},
	Isbn = {1434-601X},
	Journal = {The European Physical Journal A - Hadrons and Nuclei},
	Number = {2},
	Pages = {147--154},
	Title = {Latest results from the HEIDELBERG-MOSCOW double beta decay experiment},
	Ty = {JOUR},
	Url = {https://doi.org/10.1007/s100500170022},
	Volume = {12},
	Year = {2001},
	Bdsk-Url-1 = {https://doi.org/10.1007/s100500170022}
}


@article{gerda_2018,
	title = {{Improved Limit on Neutrinoless Double-$\ensuremath{\beta}$ Decay of $^{76}\mathrm{Ge}$ from GERDA Phase II}},
	author = {Agostini, M. and others},
	collaboration = {\textsc{Gerda} collaboration},
	journal = {Phys. Rev. Lett.},
	volume = {120},
	issue = {13},
	pages = {132503},
	numpages = {5},
	year = {2018},
	month = {Mar},
	publisher = {American Physical Society},
	doi = {10.1103/PhysRevLett.120.132503},
	url = {https://link.aps.org/doi/10.1103/PhysRevLett.120.132503}
}

@article {gerda,
	author = {M. Agostini and others},
	title = {{Probing Majorana neutrinos with double-$\beta$ decay}},
	collaboration = {\textsc{Gerda} collaboration},
	volume = {365},
	number = {6460},
	pages = {1445--1448},
	year = {2019},
	doi = {10.1126/science.aav8613},
	publisher = {American Association for the Advancement of Science},
	issn = {0036-8075},
	URL = {https://science.sciencemag.org/content/365/6460/1445},
	eprint = {https://science.sciencemag.org/content/365/6460/1445.full.pdf},
	journal = {Science}
}

@article{GERDA2020,
    title = {{Final Results of \textsc{Gerda} on the Search for Neutrinoless Double-$\ensuremath{\beta}$ Decay}},
    author = {M. Agostini and others},
    collaboration = {\textsc{Gerda} collaboration},
    journal = {Phys. Rev. Lett.},
    volume = {125},
    issue = {25},
    pages = {252502},
    numpages = {7},
    year = {2020},
    month = {Dec},
    publisher = {American Physical Society},
    doi = {10.1103/PhysRevLett.125.252502},
    eprint = {2009.06079},
    archivePrefix = {arXiv},
    primaryClass = {nucl-ex}
}



@article{gerda_upgrade,
	Author = {Agostini, M. and others},
	collaboration = {\textsc{Gerda} collaboration},
	Da = {2018/05/18},
	Date-Added = {2023-03-03 06:55:16 +0000},
	Date-Modified = {2023-03-03 06:55:16 +0000},
	Doi = {10.1140/epjc/s10052-018-5812-2},
	Id = {Agostini2018},
	Isbn = {1434-6052},
	Journal = {The European Physical Journal C},
	Number = {5},
	Pages = {388},
	Title = {Upgrade for Phase II of the Gerda experiment},
	Ty = {JOUR},
	Url = {https://doi.org/10.1140/epjc/s10052-018-5812-2},
	Volume = {78},
	Year = {2018},
	Bdsk-Url-1 = {https://doi.org/10.1140/epjc/s10052-018-5812-2}}


@article{lar_veto,
	title = {Development of an anti-Compton veto for HPGe detectors operated in liquid argon using silicon photo-multipliers},
	journal = {Nuclear Instruments and Methods in Physics Research Section A: Accelerators, Spectrometers, Detectors and Associated Equipment},
	volume = {654},
	number = {1},
	pages = {225-232},
	year = {2011},
	issn = {0168-9002},
	doi = {https://doi.org/10.1016/j.nima.2011.05.070},
	url = {https://www.sciencedirect.com/science/article/pii/S0168900211010564},
	author = {J. {Janicsko Csathy} and H. {Aghaei Khozani} and A. Caldwell and X. Liu and B. Majorovits},
	keywords = {Silicon photo-multiplier, Anti-Compton veto, Liquid argon, Germanium detectors},
	abstract = {A proof of concept detector is presented for scintillation light detection in liquid argon using silicon photo-multipliers. The aim of the work is to build an anti-Compton veto for germanium detectors operated directly in liquid argon as in the GERDA experiment. Wavelength shifting fibers are used to collect the scintillation light and to guide it to Multi-Pixel Photon Counters (MPPC). Sufficient light yield was achieved to realize an effective anti-Compton veto. Properties of the MPPC were studied at cryogenic temperatures and are additionally reported.}
}

@article{Butterworth1930,
  title = {On the Theory of Filter Amplifiers},
  volume = {7},
  journal = {Experimental Wireless and the Wireless Engineer},
  author = {Butterworth, S.},
  month = {Oct},
  year = {1930},
  pages = {536-541}
}

@article{cv_impurities,
	doi = {10.1140/epjc/s10052-023-11509-8},
	url = {https://doi.org/10.1140%2Fepjc%2Fs10052-023-11509-8},
	year = 2023,
	month = {may},
	publisher = {Springer Science and Business Media {LLC}},
	volume = {83},
	number = {5},
	author = {I. Abt and C. Gooch and F. Hagemann and L. Hauertmann and X. Liu and O. Schulz and M. Schuster},
	title = {Bayesian inference of high-purity germanium detector impurities based on capacitance measurements and machine-learning accelerated capacitance calculations},
	journal = {The European Physical Journal C}
}

% -------------------- 0vbb Theory -------------------

@article{2vbb,
	title = {Double Beta-Disintegration},
	author = {Goeppert-Mayer, M.},
	journal = {Phys. Rev.},
	volume = {48},
	issue = {6},
	pages = {512--516},
	numpages = {0},
	year = {1935},
	month = {Sep},
	publisher = {American Physical Society},
	doi = {10.1103/PhysRev.48.512},
	url = {https://link.aps.org/doi/10.1103/PhysRev.48.512}
}

@article{wendell,
	title = {On Transition Probabilities in Double Beta-Disintegration},
	author = {Furry, W. H.},
	journal = {Phys. Rev.},
	volume = {56},
	issue = {12},
	pages = {1184--1193},
	numpages = {0},
	year = {1939},
	month = {Dec},
	publisher = {American Physical Society},
	doi = {10.1103/PhysRev.56.1184},
	url = {https://link.aps.org/doi/10.1103/PhysRev.56.1184}
}

@article{2vbb_background,
	author = {Elliott, Steven R. and Vogel, Petr},
	title = {Double beta decay},
	journal = {Annual Review of Nuclear and Particle Science},
	volume = {52},
	number = {1},
	pages = {115-151},
	year = {2002},
	doi = {10.1146/annurev.nucl.52.050102.090641},
	URL = { https://doi.org/10.1146/annurev.nucl.52.050102.090641},
	eprint = { https://doi.org/10.1146/annurev.nucl.52.050102.090641},
	abstract = { ▪ Abstract The motivation, present status, and future plans of the search for ββ(0ν) decay are reviewed. Recent observations of neutrino oscillations encourage the hope that ββ(0ν) decay corresponding to the neutrino mass scale suggested by oscillations, mν ≈ 50 meV, actually exists. The challenges to achieve the sensitivity corresponding to this mass scale, and plans to overcome them, are described. }
}

@article{global_fit_nu_mass,
	title = {Global Bayesian analysis of neutrino mass data},
	author = {Caldwell, Allen and Merle, Alexander and Schulz, Oliver and Totzauer, Maximilian},
	journal = {Phys. Rev. D},
	volume = {96},
	issue = {7},
	pages = {073001},
	numpages = {15},
	year = {2017},
	month = {Oct},
	publisher = {American Physical Society},
	doi = {10.1103/PhysRevD.96.073001},
	url = {https://link.aps.org/doi/10.1103/PhysRevD.96.073001}
}

@article{nufit,
	Author = {Esteban, Ivan and Gonzalez-Garcia, M. C. and Maltoni, Michele and Martinez-Soler, Ivan and Schwetz, Thomas},
	Da = {2017/01/20},
	Date-Added = {2020-05-21 18:03:43 +0000},
	Date-Modified = {2020-05-21 18:03:43 +0000},
	Doi = {10.1007/JHEP01(2017)087},
	Id = {Esteban2017},
	Isbn = {1029-8479},
	Journal = {Journal of High Energy Physics},
	Number = {1},
	Pages = {87},
	Title = {Updated fit to three neutrino mixing: exploring the accelerator-reactor complementarity},
	Ty = {JOUR},
	Url = {https://doi.org/10.1007/JHEP01(2017)087},
	Volume = {2017},
	Year = {2017},
	Bdsk-Url-1 = {https://doi.org/10.1007/JHEP01(2017)087}
}

@article{disc_prob0vbb,
	title = {{Discovery probability of next-generation neutrinoless double-$\ensuremath{\beta}$ decay experiments}},
	author = {Agostini, Matteo and Benato, Giovanni and Detwiler, Jason A.},
	journal = {Phys. Rev. D},
	volume = {96},
	issue = {5},
	pages = {053001},
	numpages = {14},
	year = {2017},
	month = {Sep},
	publisher = {American Physical Society},
	doi = {10.1103/PhysRevD.96.053001},
	url = {https://link.aps.org/doi/10.1103/PhysRevD.96.053001}
}

@article{phasespace,
	title = {{Phase-space factors for double-$\ensuremath{\beta}$ decay}},
	author = {Kotila, J. and Iachello, F.},
	journal = {Phys. Rev. C},
	volume = {85},
	issue = {3},
	pages = {034316},
	numpages = {13},
	year = {2012},
	month = {Mar},
	publisher = {American Physical Society},
	doi = {10.1103/PhysRevC.85.034316},
	url = {https://link.aps.org/doi/10.1103/PhysRevC.85.034316}
}

@article{phasespace2,
	title = {{New calculations for phase space factors involved in double-$\ensuremath{\beta}$ decay}},
	author = {Stoica, Sabin and Mirea, Mihail},
	journal = {Phys. Rev. C},
	volume = {88},
	issue = {3},
	pages = {037303},
	numpages = {4},
	year = {2013},
	month = {Sep},
	publisher = {American Physical Society},
	doi = {10.1103/PhysRevC.88.037303},
	url = {https://link.aps.org/doi/10.1103/PhysRevC.88.037303}
}

@article{jouniga,
	title = {{Systematic approach to $\ensuremath{\beta}$ and $2\ensuremath{\nu}\ensuremath{\beta}\ensuremath{\beta}$ decays of mass $A=100-136$ nuclei}},
	author = {Pirinen, Pekka and Suhonen, Jouni},
	journal = {Phys. Rev. C},
	volume = {91},
	issue = {5},
	pages = {054309},
	numpages = {17},
	year = {2015},
	month = {May},
	publisher = {American Physical Society},
	doi = {10.1103/PhysRevC.91.054309},
	url = {https://link.aps.org/doi/10.1103/PhysRevC.91.054309}
}

@article{valletheo,
	title = {{Neutrinoless double-$\beta$ decay in $\text{SU(2)}\times\text{U(1)}$ theories}},
	author = {Schechter, J. and Valle, J. W. F.},
	journal = {Phys. Rev. D},
	volume = {25},
	issue = {11},
	pages = {2951--2954},
	numpages = {0},
	year = {1982},
	month = {Jun},
	publisher = {American Physical Society},
	doi = {10.1103/PhysRevD.25.2951},
	url = {https://link.aps.org/doi/10.1103/PhysRevD.25.2951}
}

@article{0vbb_theory,
	doi = {10.1088/0034-4885/75/10/106301},
	url = {https://doi.org/10.1088%2F0034-4885%2F75%2F10%2F106301},
	year = 2012,
	month = {sep},
	publisher = {{IOP} Publishing},
	volume = {75},
	number = {10},
	pages = {106301},
	author = {J D Vergados and H Ejiri and F {\v{S}}imkovic},
	title = {Theory of neutrinoless double-beta decay},
	journal = {Reports on Progress in Physics},
	abstract = {Neutrinoless double-beta decay, which is a very old and yet elusive process, is reviewed. Its observation will signal that the lepton number is not conserved and that the neutrinos are Majorana particles. More importantly it is our best hope for determining the absolute neutrino-mass scale at the level of a few tens of meV. To achieve the last goal certain hurdles must be overcome involving particle, nuclear and experimental physics.Nuclear physics is important for extracting useful information from the data. One must accurately evaluate the relevant nuclear matrix elements—a formidable task. To this end, we review the sophisticated nuclear structure approaches which have recently been developed, and which give confidence that the required nuclear matrix elements can be reliably calculated employing different methods: (a) the various versions of the quasiparticle random phase approximations, (b) the interacting boson model, (c) the energy density functional method and (d) the large basis interacting shell model. It is encouraging that, for the light neutrino-mass term at least, these vastly different approaches now give comparable results.From an experimental point of view it is challenging, since the life times are long and one has to fight against formidable backgrounds. One needs large isotopically enriched sources and detectors with high-energy resolution, low thresholds and very low background.If a signal is found, it will be a tremendous accomplishment. The real task then, of course, will be the extraction of the neutrino mass from the observations. This is not trivial, since current particle models predict the presence of many mechanisms other than the neutrino mass, which may contribute to or even dominate this process. In particular, we will consider the following processes:
	The neutrino induced, but neutrino-mass independent contribution.Heavy left and/or right-handed neutrino-mass contributions.Intermediate scalars (doubly charged, etc).Supersymmetric (SUSY) contributions.
	We will show that it is possible to disentangle the various mechanisms and unambiguously extract the important neutrino-mass scale, if all the signatures of the reaction are searched for in a sufficient number of nuclear isotopes.}
}

@article{compton,
  title = {A Quantum Theory of the Scattering of X-rays by Light Elements},
  author = {Compton, Arthur H.},
  journal = {Phys. Rev.},
  volume = {21},
  issue = {5},
  pages = {483--502},
  numpages = {0},
  year = {1923},
  month = {May},
  publisher = {American Physical Society},
  doi = {10.1103/PhysRev.21.483},
  url = {https://link.aps.org/doi/10.1103/PhysRev.21.483}
}


@article{klein-nishina,
	Abstract = {Auf Grund der neuen, von Dirac entwickelten relativistischen Quantendynamik wird die Intensit{\"a}t der Comptonstreustrahlung berechnet. Das Resultat zeigt Abweichungen von den entsprechenden Dirac-Gordonschen Formeln, die von der zweiten Gr{\"o}{\ss}enordnung hinsichtlich des Verh{\"a}ltnisses der Energie des prim{\"a}ren. Lichtquants zu der Ruheenergie des Elektrons sind.},
	Author = {Klein, O. and Nishina, Y.},
	Da = {1929/11/01},
	Date-Added = {2023-03-28 23:36:37 +0000},
	Date-Modified = {2023-03-28 23:36:37 +0000},
	Doi = {10.1007/BF01366453},
	Id = {Klein1929},
	Isbn = {0044-3328},
	Journal = {Zeitschrift f{\"u}r Physik},
	Number = {11},
	Pages = {853--868},
	Title = {{\"U}ber die Streuung von Strahlung durch freie Elektronen nach der neuen relativistischen Quantendynamik von Dirac},
	Ty = {JOUR},
	Url = {https://doi.org/10.1007/BF01366453},
	Volume = {52},
	Year = {1929},
	Bdsk-Url-1 = {https://doi.org/10.1007/BF01366453}
}
% -------------------- Nuclear Theory -------------------

@article{reduced_quenching,
	title = {{Quenching of nuclear matrix elements for $0\ensuremath{\nu}\ensuremath{\beta}\ensuremath{\beta}$ decay by chiral two-body currents}},
	author = {Wang, Long-Jun and Engel, Jonathan and Yao, Jiang Ming},
	journal = {Phys. Rev. C},
	volume = {98},
	issue = {3},
	pages = {031301},
	numpages = {6},
	year = {2018},
	month = {Sep},
	publisher = {American Physical Society},
	doi = {10.1103/PhysRevC.98.031301},
	url = {https://link.aps.org/doi/10.1103/PhysRevC.98.031301}
}

@article{Engel_2017,
	doi = {10.1088/1361-6633/aa5bc5},
	url = {https://doi.org/10.1088%2F1361-6633%2Faa5bc5},
	year = 2017,
	month = {mar},
	publisher = {{IOP} Publishing},
	volume = {80},
	number = {4},
	pages = {046301},
	author = {Jonathan Engel and Javier Men{\'{e}}ndez},
	title = {Status and future of nuclear matrix elements for neutrinoless double-beta decay: a review},
	journal = {Reports on Progress in Physics},
	abstract = {The nuclear matrix elements that govern the rate of neutrinoless double beta decay must be accurately calculated if experiments are to reach their full potential. Theorists have been working on the problem for a long time but have recently stepped up their efforts as ton-scale experiments have begun to look feasible. Here we review past and recent work on the matrix elements in a wide variety of nuclear models and discuss work that will be done in the near future. Ab initio nuclear-structure theory, which is developing rapidly, holds out hope of more accurate matrix elements with quantifiable error bars.}
}

@unpublished{ca48,
	title= {Ab initio Calculation of Nuclear Matrix Elements of Neutrinoless Double Beta Decay with the IMSRG+GCM approach},
	author = {Jiangming Yao},
	year = {2019},
	note= {DBD collaboration meeting},
	URL= {https://a51.lbl.gov/~0nubb/meetings/2019_Sep/yao-talk.pdf}
}

@unpublished{goalME,
	title= {Double-Beta Decay from First Principles},
	author = {Jonathan Engel},
	year = {2020},
	note= {Conference on Neutrino and Nuclear Physics},
	URL= {https://indico.tlabs.ac.za/event/85/contributions/1508/attachments/682/794/Engel-cnnp2020.pdf}
}


% -------------------- Ge Theory -------------------

@article{fano,
  title = {Ionization Yield of Radiations. II. The Fluctuations of the Number of Ions},
  author = {Fano, U.},
  journal = {Phys. Rev.},
  volume = {72},
  issue = {1},
  pages = {26--29},
  numpages = {0},
  year = {1947},
  month = {Jul},
  publisher = {American Physical Society},
  doi = {10.1103/PhysRev.72.26},
  url = {https://link.aps.org/doi/10.1103/PhysRev.72.26}
}

@article{fanoGe,
  title = {{Fano Factor in Germanium at 77\ifmmode^\circ\else\textdegree\fi{}K}},
  author = {Bilger, Hans R.},
  journal = {Phys. Rev.},
  volume = {163},
  issue = {2},
  pages = {238--253},
  numpages = {0},
  year = {1967},
  month = {Nov},
  publisher = {American Physical Society},
  doi = {10.1103/PhysRev.163.238},
  url = {https://link.aps.org/doi/10.1103/PhysRev.163.238}
}


@book{close_particlebook,
    author = "Close, F.",
    title = "{Particle physics: A very short introduction}",
    year = "2004"
}

@article{pair_production,
    title = {Electron-positron pair production by photons: A historical overview},
    journal = {Radiation Physics and Chemistry},
    volume = {75},
    number = {6},
    pages = {614-623},
    year = {2006},
    note = {Pair Production},
    issn = {0969-806X},
    doi = {https://doi.org/10.1016/j.radphyschem.2005.10.008},
    url = {https://www.sciencedirect.com/science/article/pii/S0969806X0500263X},
    author = {J.H. Hubbell},
    keywords = {Attenuation coefficient, Cross section, Gamma rays, Pair production, Photons, Positrons, Triplet production, X-rays}
}

@article{bethe,
	author = {Bethe, H.},
	title = {Zur Theorie des Durchgangs schneller Korpuskularstrahlen durch Materie},
	journal = {Annalen der Physik},
	volume = {397},
	number = {3},
	pages = {325-400},
	doi = {https://doi.org/10.1002/andp.19303970303},
	url = {https://onlinelibrary.wiley.com/doi/abs/10.1002/andp.19303970303},
	eprint = {https://onlinelibrary.wiley.com/doi/pdf/10.1002/andp.19303970303},
	year = {1930}
}

@article{larmor,
	author = { J.   Larmor   D.Sc.   F.R.S. },
	title = {LXIII. On the theory of the magnetic influence on spectra; and on the radiation from moving ions},
	journal = {The London, Edinburgh, and Dublin Philosophical Magazine and Journal of Science},
	volume = {44},
	number = {271},
	pages = {503-512},
	year  = {1897},
	publisher = {Taylor & Francis},
	doi = {10.1080/14786449708621095},
	URL = {https://doi.org/10.1080/14786449708621095},
	eprint = {  https://doi.org/10.1080/14786449708621095}
}

@article{bremsstrahlung,
	author = {Sommerfeld, A.},
	title = {{\"Uber die Beugung und Bremsung der Elektronen}},
	journal = {Annalen der Physik},
	volume = {403},
	number = {3},
	pages = {257-330},
	doi = {https://doi.org/10.1002/andp.19314030302},
	url = {https://onlinelibrary.wiley.com/doi/abs/10.1002/andp.19314030302},
	eprint = {https://onlinelibrary.wiley.com/doi/pdf/10.1002/andp.19314030302},
	year = {1931}
}

@article{schroedinger,
  title = {An Undulatory Theory of the Mechanics of Atoms and Molecules},
  author = {Schr\"odinger, E.},
  journal = {Phys. Rev.},
  volume = {28},
  issue = {6},
  pages = {1049--1070},
  numpages = {0},
  year = {1926},
  month = {Dec},
  publisher = {American Physical Society},
  doi = {10.1103/PhysRev.28.1049},
  url = {https://link.aps.org/doi/10.1103/PhysRev.28.1049}
}


@article{bloch,
	Author = {Bloch, Felix},
	Da = {1929/07/01},
	Date-Added = {2023-04-07 21:46:47 +0000},
	Date-Modified = {2023-04-07 21:46:47 +0000},
	Doi = {10.1007/BF01339455},
	Id = {Bloch1929},
	Isbn = {0044-3328},
	Journal = {Zeitschrift f{\"u}r Physik},
	Number = {7},
	Pages = {555--600},
	Title = {{\"U}ber die Quantenmechanik der Elektronen in Kristallgittern},
	Ty = {JOUR},
	Url = {https://doi.org/10.1007/BF01339455},
	Volume = {52},
	Year = {1929},
	Bdsk-Url-1 = {https://doi.org/10.1007/BF01339455}
}

@article{shockley,
	author = {Shockley, W. },
	title = {Currents to Conductors Induced by a Moving Point Charge},
	journal = {Journal of Applied Physics},
	volume = {9},
	number = {10},
	pages = {635-636},
	year = {1938},
	doi = {10.1063/1.1710367},
	URL = { https://doi.org/10.1063/1.1710367},
	eprint = {  https://doi.org/10.1063/1.1710367}
}
@article{ramo,
  author={Ramo, S.},
  journal={Proceedings of the IRE}, 
  title={Currents Induced by Electron Motion}, 
  year={1939},
  volume={27},
  number={9},
  pages={584-585},
  doi={10.1109/JRPROC.1939.228757}
}

@article{energy_pair,
	title = {Average Energy Expended Per Ionized Electron-Hole Pair in Silicon and Germanium as a Function of Temperature},
	author = {Emery, F. E. and Rabson, T. A.},
	journal = {Phys. Rev.},
	volume = {140},
	issue = {6A},
	pages = {A2089--A2093},
	numpages = {0},
	year = {1965},
	month = {Dec},
	publisher = {American Physical Society},
	doi = {10.1103/PhysRev.140.A2089},
	url = {https://link.aps.org/doi/10.1103/PhysRev.140.A2089}
}


@article{gefica,
	author = {Li, Jianchen and Liu, Jing and Kooi, Kyler},
	date = {2020/03/11},
	date-added = {2023-05-09 21:02:57 -0400},
	date-modified = {2023-05-09 21:02:57 -0400},
	doi = {10.1140/epjc/s10052-020-7786-0},
	id = {Li2020},
	isbn = {1434-6052},
	journal = {The European Physical Journal C},
	number = {3},
	pages = {230},
	title = {HPGe detector field calculation methods demonstrated with an educational program, GeFiCa},
	url = {https://doi.org/10.1140/epjc/s10052-020-7786-0},
	volume = {80},
	year = {2020},
	bdsk-url-1 = {https://doi.org/10.1140/epjc/s10052-020-7786-0}
}

@article{boron,
    author = {Jones, Kevin S. and Haller, E. E.},
    title = "{Ion implantation of boron in germanium}",
    journal = {Journal of Applied Physics},
    volume = {61},
    number = {7},
    pages = {2469-2477},
    year = {1987},
    month = {04},
    issn = {0021-8979},
    doi = {10.1063/1.337918},
    url = {https://doi.org/10.1063/1.337918},
    eprint = {https://pubs.aip.org/aip/jap/article-pdf/61/7/2469/7995753/2469\_1\_online.pdf},
}

% -------------------- charge trapping ----------------

@article{deep_impurities,
	title = {Deep level impurities in germanium},
	journal = {Journal of Physics and Chemistry of Solids},
	volume = {8},
	pages = {59-65},
	year = {1959},
	issn = {0022-3697},
	doi = {https://doi.org/10.1016/0022-3697(59)90274-4},
	url = {https://www.sciencedirect.com/science/article/pii/0022369759902744},
	author = {W.W. Tyler},
}

@article{ppc_charge_trapping1,
	author = {Kephart, Jeremy D. and Aalseth, C. E. and Miley, H. S.},
	date = {2009/12/01},
	date-added = {2023-05-26 14:53:07 -0400},
	date-modified = {2023-05-26 14:53:07 -0400},
	doi = {10.1007/s10967-009-0216-2},
	id = {Kephart2009},
	isbn = {1588-2780},
	journal = {Journal of Radioanalytical and Nuclear Chemistry},
	number = {3},
	pages = {897--900},
	title = {Measurement and energy correction due to charge carrier lifetimes in large HPGe spectrometers},
	url = {https://doi.org/10.1007/s10967-009-0216-2},
	volume = {282},
	year = {2009},
	bdsk-url-1 = {https://doi.org/10.1007/s10967-009-0216-2}
}

@article{ppc_charge_trapping2,
	title = {Determining the drift time of charge carriers in p-type point-contact HPGe detectors},
	journal = {Nuclear Instruments and Methods in Physics Research Section A: Accelerators, Spectrometers, Detectors and Associated Equipment},
	volume = {678},
	pages = {98-104},
	year = {2012},
	issn = {0168-9002},
	doi = {https://doi.org/10.1016/j.nima.2012.02.047},
	url = {https://www.sciencedirect.com/science/article/pii/S0168900212002811},
	author = {R.D. Martin and M. Amman and Y.D. Chan and J.A. Detwiler and J.C. Loach and Q. Looker and P.N. Luke and A.W.P. Poon and J. Qian and K. Vetter and H. Yaver},
	keywords = {Germanium detectors, Neutrinoless double-beta decay, Charge trapping}
}

% -------------------- MJD Publications ----------------
@phdthesis{tomthesis,
	author       = {Gilliss, T.F.}, 
	title        = {{Statistical Modeling and Markov Chain Monte Carlo Inference of {\MJDEMit} Background Data}},
	school       = {University of North Carolina at Chapel Hill},
	year         = {2019},
}

@phdthesis{julietathesis,
	author       = {Gruszko, J.}, 
	title        = {{Surface Alpha Interactions in P-Type Point-Contact HPGe Detectors: Maximizing Sensitivity of $^{76}$Ge Neutrinoless Double-Beta Decay Searches}},
	school       = {University of Washington},
	year         = {2017},
}

@article{dcr,
	doi = {10.1088/1742-6596/888/1/012079},
	url = {https://doi.org/10.1088%2F1742-6596%2F888%2F1%2F012079},
	year = 2017,
	month = {sep},
	publisher = {{IOP} Publishing},
	volume = {888},
	pages = {012079},
	author = {J. Gruszko},
	title = {Delayed charge recovery discrimination of passivated surface alpha events in P-type point-contact detectors},
	journal = {Journal of Physics: Conference Series}
}

@article{assaypaper,
	doi = {10.1016/j.nima.2016.04.070},
	year = {2016},
	month = {aug},
	publisher = {Elsevier {BV}},
	volume = {828},
	pages = {22--36},
	author = "{N. Abgrall et al. [Majorana Collaboration]}",
	collaboration = {{\MJMit} Collaboration},
	title = "{{The {\MJDEMit} radioassay program}}",
	journal = {Nuclear Instruments and Methods in Physics Research Section A: Accelerators,  Spectrometers,  Detectors and Associated Equipment}
}

@article{electronics,
	author =  {Guinn, I. and others},
	editor = {Abt, Iris and Majorovits, Béla and Keller, Christina and Mei, Dongming and Wang, Gujian and Wei, Wenzhao},
	collaboration = {{\MJMit} Collaboration},
	title = {{Low Background Signal Readout Electronics for the {\MJDEMit}}},
	eprint = "1502.03174",
	archivePrefix = "arXiv",
	primaryClass = "physics.ins-det",
	doi = "10.1088/1742-6596/606/1/012009",
	journal = "J. Phys. Conf. Ser.",
	volume = "606",
	number = "1",
	pages = "012009",
	year = "2015"
}

@article{mjd_og,
	Author = {N. Abgrall and others},
	collaboration = {{\MJMit} Collaboration},
	Da = {2014/01/29},
	Date-Added = {2020-05-28 22:48:02 +0000},
	Date-Modified = {2020-05-28 22:48:02 +0000},
	Doi = {10.1155/2014/365432},
	Isbn = {1687-7357},
	Journal = {Advances in High Energy Physics},
	Pages = {365432},
	Publisher = {Hindawi Publishing Corporation},
	Title = {The {\MJDEMit} Neutrinoless Double-Beta Decay Experiment},
	Ty = {JOUR},
	Url = {https://doi.org/10.1155/2014/365432},
	Volume = {2014},
	Year = {2014},
	Bdsk-Url-1 = {https://doi.org/10.1155/2014/365432}
}

@article{mjd,
	title = {{Search for Neutrinoless Double-$\ensuremath{\beta}$ Decay in $^{76}\text{Ge}$ with the {\MJDEMit}}},
	author = {C. E. Aalseth and others},
	collaboration = {{\MJMit} Collaboration},
	journal = {Phys. Rev. Lett.},
	volume = {120},
	issue = {13},
	pages = {132502},
	numpages = {7},
	year = {2018},
	month = {Mar},
	publisher = {American Physical Society},
	doi = {10.1103/PhysRevLett.120.132502},
	url = {https://link.aps.org/doi/10.1103/PhysRevLett.120.132502}
}

@article{mjd_26,
	title = {{Search for neutrinoless double-$\ensuremath{\beta}$ decay in $^{76}\mathrm{Ge}$ with 26 kg yr of exposure from the {\MJDEMit}}},
	author = {S. I. Alvis and others},
	collaboration = {{\MJMit} Collaboration},
	journal = {Phys. Rev. C},
	volume = {100},
	issue = {2},
	pages = {025501},
	numpages = {11},
	year = {2019},
	month = {Aug},
	publisher = {American Physical Society},
	doi = {10.1103/PhysRevC.100.025501},
	url = {https://link.aps.org/doi/10.1103/PhysRevC.100.025501}
}

@article{mjd_multisite,
  title = {Multisite event discrimination for the majorana demonstrator},
  author = {S. I. Alvis and others},
  collaboration = {{\MJMit} Collaboration},
  journal = {Phys. Rev. C},
  volume = {99},
  issue = {6},
  pages = {065501},
  numpages = {8},
  year = {2019},
  month = {Jun},
  publisher = {American Physical Society},
  doi = {10.1103/PhysRevC.99.065501},
  url = {https://link.aps.org/doi/10.1103/PhysRevC.99.065501}
}

@article{mjd_alphan,
  title = {Experimental study of $^{13}\mathrm{C}(\ensuremath{\alpha},n)^{16}\mathrm{O}$ reactions in the Majorana Demonstrator calibration data},
  author = {I. J. Arnquist and others},
  collaboration = {{\MJMit} Collaboration},
  journal = {Phys. Rev. C},
  volume = {105},
  issue = {6},
  pages = {064610},
  numpages = {9},
  year = {2022},
  month = {Jun},
  publisher = {American Physical Society},
  doi = {10.1103/PhysRevC.105.064610},
  url = {https://link.aps.org/doi/10.1103/PhysRevC.105.064610}
}

@article{mjd_trinucleon,
  title = {Search for trinucleon decay in the Majorana Demonstrator},
  author = {S. I. Alvis and others},
  collaboration = {{\MJMit} Collaboration},
  journal = {Phys. Rev. D},
  volume = {99},
  issue = {7},
  pages = {072004},
  numpages = {8},
  year = {2019},
  month = {Apr},
  publisher = {American Physical Society},
  doi = {10.1103/PhysRevD.99.072004},
  url = {https://link.aps.org/doi/10.1103/PhysRevD.99.072004}
}

@article{mjd_axions,
  title = {Search for Solar Axions via Axion-Photon Coupling with the Majorana Demonstrator},
  author = {I. J. Arnquist and others},
  collaboration = {{\MJMit} Collaboration},
  journal = {Phys. Rev. Lett.},
  volume = {129},
  issue = {8},
  pages = {081803},
  numpages = {7},
  year = {2022},
  month = {Aug},
  publisher = {American Physical Society},
  doi = {10.1103/PhysRevLett.129.081803},
  url = {https://link.aps.org/doi/10.1103/PhysRevLett.129.081803}
}
 

@article{mjd_excitedstates,
  title = {Search for double-$\ensuremath{\beta}$ decay of $^{76}\mathrm{Ge}$ to excited states of $^{76}\mathrm{Se}$ with the majorana demonstrator},
  author = {I. J. Arnquist and others},
  collaboration = {{\MJMit} Collaboration},
  journal = {Phys. Rev. C},
  volume = {103},
  issue = {1},
  pages = {015501},
  numpages = {14},
  year = {2021},
  month = {Jan},
  publisher = {American Physical Society},
  doi = {10.1103/PhysRevC.103.015501},
  url = {https://link.aps.org/doi/10.1103/PhysRevC.103.015501}
}

@article{mjd_muonic,
  title = {Signatures of muonic activation in the Majorana Demonstrator},
  author = {I. J. Arnquist and others},
  collaboration = {{\MJMit} Collaboration},
  journal = {Phys. Rev. C},
  volume = {105},
  issue = {1},
  pages = {014617},
  numpages = {13},
  year = {2022},
  month = {Jan},
  publisher = {American Physical Society},
  doi = {10.1103/PhysRevC.105.014617},
  url = {https://link.aps.org/doi/10.1103/PhysRevC.105.014617}
}

@article{mjd_waveform,
  title = {Search for Spontaneous Radiation from Wave Function Collapse in the Majorana Demonstrator},
  author = {I. J. Arnquist and others},
  collaboration = {{\MJMit} Collaboration},
  journal = {Phys. Rev. Lett.},
  volume = {129},
  issue = {8},
  pages = {080401},
  numpages = {7},
  year = {2022},
  month = {Aug},
  publisher = {American Physical Society},
  doi = {10.1103/PhysRevLett.129.080401},
  url = {https://link.aps.org/doi/10.1103/PhysRevLett.129.080401}
}

@article{mjd_pulseshape_library,
	title = {{A Pulse Shape Analysis technique for the {\MJMit} experiment}},
	journal = {Nuclear Instruments and Methods in Physics Research Section A: Accelerators, Spectrometers, Detectors and Associated Equipment},
	volume = {629},
	number = {1},
	pages = {303-310},
	year = {2011},
	issn = {0168-9002},
	doi = {https://doi.org/10.1016/j.nima.2010.11.029},
	url = {https://www.sciencedirect.com/science/article/pii/S0168900210024915},
	author = {R.J. Cooper and D.C. Radford and K. Lagergren and James F. Colaresi and Larry Darken and R. Henning and M.G. Marino and K. {Michael Yocum}}
}

@article{mjd_final,
  title = {{Final Result of the Majorana Demonstrator's Search for Neutrinoless Double-$\ensuremath{\beta}$ Decay in $^{76}\mathrm{Ge}$}},
  author = {Arnquist, I. J. and others},
  collaboration = {Majorana Collaboration},
  journal = {Phys. Rev. Lett.},
  volume = {130},
  issue = {6},
  pages = {062501},
  numpages = {8},
  year = {2023},
  month = {Feb},
  publisher = {American Physical Society},
  doi = {10.1103/PhysRevLett.130.062501},
  url = {https://link.aps.org/doi/10.1103/PhysRevLett.130.062501}
}

@article{ugefcu,
    title = {Reduction of radioactive backgrounds in electroformed copper for ultra-sensitive radiation detectors},
    journal = {Nuclear Instruments and Methods in Physics Research Section A: Accelerators, Spectrometers, Detectors and Associated Equipment},
    volume = {764},
    pages = {116-121},
    year = {2014},
    issn = {0168-9002},
    doi = {https://doi.org/10.1016/j.nima.2014.06.082},
    author = {E.W. Hoppe and C.E. Aalseth and O.T. Farmer and T.W. Hossbach and M. Liezers and H.S. Miley and N.R. Overman and J.H. Reeves},
    keywords = {Low background, Copper, Electroforming, Thorium, Uranium, ICP-MS},
}

@article{lmfe,
    doi = {10.1088/1748-0221/17/05/T05003},
    year = {2022},
    month = {may},
    publisher = {IOP Publishing},
    volume = {17},
    number = {05},
    pages = {T05003},
    author = {N. Abgrall and others},
    collaboration = {\textsc{Majorana} Collaboration},
    title = {The Majorana Demonstrator readout electronics system},
    journal = {Journal of Instrumentation}
}

@article{cables,
    title = {High voltage testing for the {\MJDEMit}},
    journal = {Nuclear Instruments and Methods in Physics Research Section A: Accelerators, Spectrometers, Detectors and Associated Equipment},
    volume = {823},
    pages = {83-90},
    year = {2016},
    issn = {0168-9002},
    doi = {https://doi.org/10.1016/j.nima.2016.04.006},
    author = {N. Abgrall and others},
    collaboration = {\textsc{Majorana} Collaboration},
    keywords = {High-voltage, Micro-discharge, Vacuum, M}
}

@article{muonveto,
    title = {Large plastic scintillator panels with WLS fiber readout: Optimization of components},
    journal = {Nuclear Instruments and Methods in Physics Research Section A: Accelerators, Spectrometers, Detectors and Associated Equipment},
    volume = {758},
    pages = {91-96},
    year = {2014},
    issn = {0168-9002},
    doi = {https://doi.org/10.1016/j.nima.2014.05.055},
    author = {W. Bugg and Yu. Efremenko and S. Vasilyev},
    keywords = {Plastic scintillator, Photomultiplier tube, Wavelength shifting fiber, Photoelectron}
}

% --------------- bulk charge trapping ---------------------
@misc{mjd_charge_trapping,
  doi = {10.48550/ARXIV.2208.03424},
  url = {https://arxiv.org/abs/2208.03424},
  author = {Arnquist, I. J. and others},
  collaboration = {Majorana Collaboration},
  keywords = {Instrumentation and Detectors (physics.ins-det), FOS: Physical sciences, FOS: Physical sciences},
  title = {Charge Trapping and Energy Performance of the MAJORANA DEMONSTRATOR},
  publisher = {arXiv},
  year = {2022},
  copyright = {Creative Commons Attribution 4.0 International}
}

@article{planar_charge_trapping,
	doi = {10.1088/1361-6471/ab9796},
	url = {https://dx.doi.org/10.1088/1361-6471/ab9796},
	year = {2020},
	month = {aug},
	publisher = {IOP Publishing},
	volume = {47},
	number = {10},
	pages = {105106},
	author = {D-M Mei and R B Mukund and W-Z Wei and R Panth and J Liu and H Mei and Y-Y Li and P Acharya and S Bhattarai and K Kooi and M-S Raut and X-S Sun and A Kirkvold and K-M Dong and X-H Meng and G-J Wang and G Yang},
	title = {Impact of charge trapping on the energy resolution of Ge detectors for rare-event physics searches},
	journal = {Journal of Physics G: Nuclear and Particle Physics},
}

% ------------------------ LEGEND ------------------------

@unpublished{legend_bg,
	title= {L-200 \& L-1000 Background Estimation},
	author = {Matthew Green},
	year = {2020},
	note= {LEGEND Collaboration Meeting}
}

@unpublished{legend_DCR_talk,
	title= {Surface Characterization of PPC Detectors},
	author = "{I. Abt, F. Edzards, C. Gooch, L. Hauertmann, B. Lehnert, X. Liu, S. Mertens, D. Radford, and O. Schulz}",
	year = {2020},
	note= {LEGEND Collaboration Meeting}
}

@article{legend,
	author = {N. Abgrall and others},
	collaboration = {LEGEND Collaboration},
	title = {{The large enriched germanium experiment for neutrinoless double beta decay (LEGEND)}},
	journal = {AIP Conference Proceedings},
	volume = {1894},
	number = {1},
	pages = {020027},
	year = {2017},
	doi = {10.1063/1.5007652},
	
	URL = { 
	https://aip.scitation.org/doi/abs/10.1063/1.5007652
	
	},
	eprint = { 
	https://aip.scitation.org/doi/pdf/10.1063/1.5007652
	
	}
}

@misc{legend_pcdr,
  doi = {10.48550/ARXIV.2107.11462},
  
  url = {https://arxiv.org/abs/2107.11462},
  
  author = {{LEGEND Collaboration}},
  
  keywords = {Instrumentation and Detectors (physics.ins-det), Nuclear Experiment (nucl-ex), FOS: Physical sciences, FOS: Physical sciences},
  
  title = {LEGEND-1000 Preconceptual Design Report},
  
  publisher = {arXiv},
  
  year = {2021},
  
  copyright = {Creative Commons Attribution 4.0 International}
}

@article{llama,
	author = {{Schwarz, Mario} and {Krause, Patrick} and {Leonhardt, Andreas} and {Papp, Laszlo} and {Sch\"onert, Stefan} and {Wiesinger, Christoph} and {Fomina, Maria} and {Gusev, Konstantin} and {Rumyantseva, Nadezda} and {Shevchik, Egor} and {Zinatulina, Daniya} and {Araujo, Gabriela R.}},
	title = {Liquid Argon Instrumentation and Monitoring in LEGEND-200},
	DOI= "10.1051/epjconf/202125311014",
	url= "https://doi.org/10.1051/epjconf/202125311014",
	journal = {EPJ Web Conf.},
	year = 2021,
	volume = 253,
	pages = "11014",
}

 @misc{legend_website_detectors, 
	title={Experimental approach}, 
	url={https://legend-exp.org/science/neutrinoless-bb-decay/legend-detectors}, 
	journal={Legend}, 
	author={Pertoldi, Luigi}, 
	year={2021}
 } 

% -------------------- Neutrino Experiments ----------------

@article{neutrino_discovery,
	author = {C. L. Cowan  and F. Reines  and F. B. Harrison  and H. W. Kruse  and A. D. McGuire },
	title = {Detection of the Free Neutrino: a Confirmation},
	journal = {Science},
	volume = {124},
	number = {3212},
	pages = {103-104},
	year = {1956},
	doi = {10.1126/science.124.3212.103},
	URL = {https://www.science.org/doi/abs/10.1126/science.124.3212.103},
	eprint = {https://www.science.org/doi/pdf/10.1126/science.124.3212.103}
}

@article{troitsk,
	title = {Upper limit on the electron antineutrino mass from the Troitsk experiment},
	author = {Aseev, V. N. and Belesev, A. I. and Berlev, A. I. and Geraskin, E. V. and Golubev, A. A. and Likhovid, N. A. and Lobashev, V. M. and Nozik, A. A. and Pantuev, V. S. and Parfenov, V. I. and Skasyrskaya, A. K. and Tkachov, F. V. and Zadorozhny, S. V.},
	journal = {Phys. Rev. D},
	volume = {84},
	issue = {11},
	pages = {112003},
	numpages = {9},
	year = {2011},
	month = {Dec},
	publisher = {American Physical Society},
	doi = {10.1103/PhysRevD.84.112003},
	url = {https://link.aps.org/doi/10.1103/PhysRevD.84.112003}
}

@article{katrin,
	title = {Improved Upper Limit on the Neutrino Mass from a Direct Kinematic Method by KATRIN},
	author = {M. Aker and others},
	collaboration = {KATRIN Collaboration},
	journal = {Phys. Rev. Lett.},
	volume = {123},
	issue = {22},
	pages = {221802},
	numpages = {10},
	year = {2019},
	month = {Nov},
	publisher = {American Physical Society},
	doi = {10.1103/PhysRevLett.123.221802},
	url = {https://link.aps.org/doi/10.1103/PhysRevLett.123.221802}
}

@article{osc_rev, 
	AUTHOR={{Farzan, Yasaman and T\'{o}rtola, Mariam}},    
	TITLE={Neutrino Oscillations and Non-standard Interactions},      	
	JOURNAL={Frontiers in Physics},      	
	VOLUME={6},      
	PAGES={10},     	
	YEAR={2018},      	  
	URL={https://www.frontiersin.org/article/10.3389/fphy.2018.00010},       	
	DOI={10.3389/fphy.2018.00010},      	
	ISSN={2296-424X},    
}

@article{NH,
	doi = {10.1088/1475-7516/2022/10/010},
	url = {https://dx.doi.org/10.1088/1475-7516/2022/10/010},
	year = {2022},
	month = {oct},
	publisher = {IOP Publishing},
	volume = {2022},
	number = {10},
	pages = {010},
	author = {Stefano Gariazzo and others},
	title = {Neutrino mass and mass ordering: no conclusive evidence for normal ordering},
	journal = {Journal of Cosmology and Astroparticle Physics}
}


@article{osc_sol,
	title = {{Measurement of the Rate of ${\ensuremath{\nu}}_{e}+\mathit{d}\ensuremath{\rightarrow}\mathit{p}+\mathit{p}+{\mathit{e}}^{\ensuremath{-}}$ Interactions Produced by $^{8}\text{B}$ Solar Neutrinos at the Sudbury Neutrino Observatory}},
	author = {Ahmad, Q. R.  and others},
	collaboration = {SNO Collaboration},
	journal = {Phys. Rev. Lett.},
	volume = {87},
	issue = {7},
	pages = {071301},
	numpages = {6},
	year = {2001},
	month = {Jul},
	publisher = {American Physical Society},
	doi = {10.1103/PhysRevLett.87.071301},
	url = {https://link.aps.org/doi/10.1103/PhysRevLett.87.071301}
}

@article{osc_atm,
	title = {Evidence for Oscillation of Atmospheric Neutrinos},
	author = {Y. Fukuda and others},
	collaboration = {Super-Kamiokande Collaboration},
	journal = {Phys. Rev. Lett.},
	volume = {81},
	issue = {8},
	pages = {1562--1567},
	numpages = {0},
	year = {1998},
	month = {Aug},
	publisher = {American Physical Society},
	doi = {10.1103/PhysRevLett.81.1562},
	url = {https://link.aps.org/doi/10.1103/PhysRevLett.81.1562}
}

@article{2vbb_obs,
	title = {{Direct evidence for two-neutrino double-beta decay in $^{82}\mathrm{Se}$}},
	author = {Elliott, S. R. and Hahn, A. A. and Moe, M. K.},
	journal = {Phys. Rev. Lett.},
	volume = {59},
	issue = {18},
	pages = {2020--2023},
	numpages = {0},
	year = {1987},
	month = {Nov},
	publisher = {American Physical Society},
	doi = {10.1103/PhysRevLett.59.2020},
	url = {https://link.aps.org/doi/10.1103/PhysRevLett.59.2020}
}

@article{ee_cap,
	Author = {E. Aprile and others},
	collaboration = {XENON1T Collaboration},
	Da = {2019/04/01},
	Date-Added = {2019-07-11 14:33:57 +0000},
	Date-Modified = {2019-07-11 14:38:44 +0000},
	Doi = {10.1038/s41586-019-1124-4},
	Id = {Aprile2019},
	Isbn = {1476-4687},
	Journal = {Nature},
	Number = {7753},
	Pages = {532--535},
	Read = {0},
	Title = "{Observation of two-neutrino double electron capture in $^{124}\text{Xe}$ with XENON1T}",
	Ty = {JOUR},
	Url = {https://doi.org/10.1038/s41586-019-1124-4},
	Volume = {568},
	Year = {2019},
	Bdsk-Url-1 = {https://doi.org/10.1038/s41586-019-1124-4}
}

@article{pdg_revparticlephys,
	doi = {10.1088/1674-1137/38/9/090001},
	url = {https://doi.org/10.1088%2F1674-1137%2F38%2F9%2F090001},
	year = 2014,
	month = {aug},
	publisher = {{IOP} Publishing},
	volume = {38},
	number = {9},
	pages = {090001},
	author = {K.A. Olive},
	title = {Review of Particle Physics},
	journal = {Chinese Physics C},
	abstract = {The Review summarizes much of particle physics and cosmology. Using data from previous editions, plus 3,283 new measurements from 899 papers, we list, evaluate, and average measured properties of gauge bosons and the recently discovered Higgs boson, leptons, quarks, mesons, and baryons. We summarize searches for hypothetical particles such as heavy neutrinos, supersymmetric and technicolor particles, axions, dark photons, etc. All the particle properties and search limits are listed in Summary Tables. We also give numerous tables, figures, formulae, and reviews of topics such as Supersymmetry, Extra Dimensions, Particle Detectors, Probability, and Statistics. Among the 112 reviews are many that are new or heavily revised including those on: Dark Energy, Higgs Boson Physics, Electroweak Model, Neutrino Cross Section Measurements, Monte Carlo Neutrino Generators, Top Quark, Dark Matter, Dynamical Electroweak Symmetry Breaking, Accelerator Physics of Colliders, High-Energy Collider Parameters, Big Bang Nucleosynthesis, Astrophysical Constants and Cosmological Parameters.
	All tables, listings, and reviews (and errata) are also available on the Particle Data Group website: http://pdg.lbl.gov.}
}

% -------------------- Historical ----------------

@misc{pauli_letter,
  author        = {W. Pauli},
  howpublished  = {Open letter to the radioactive group at the regional meeting in T\"{u}bingen},
  year          = {1930},
  month         = {December},
  day 			= {4}
}

@misc{pauli_quote,
  author        = {W. Pauli},
  howpublished  = {Statement as quoted by Frederick Reines, in his Foreword to Spaceship Neutrino by Christine Sutton},
  year			= {1992},
  publisher		= {Cambridge University Press}
}

% -------------------- Misc ----------------------

@book{42,
  title={Life, the Universe and Everything: Hitchhiker's Guide to the Galaxy Book 3},
  author={Adams, Douglas},
  volume={3},
  year={1984},
  publisher={Tor UK}
}

% ------------------ Ge Experimental ------------------

@article{ppc,
	doi = {10.1088/1475-7516/2007/09/009},
	url = {https://doi.org/10.1088%2F1475-7516%2F2007%2F09%2F009},
	year = 2007,
	month = {sep},
	publisher = {{IOP} Publishing},
	volume = {2007},
	number = {09},
	pages = {009--009},
	author = {P S Barbeau and J I Collar and O Tench},
	title = {Large-mass ultralow noise germanium detectors: performance and applications in neutrino and astroparticle physics},
	journal = {Journal of Cosmology and Astroparticle Physics},
	abstract = {A new type of radiation detector, a p-type modified electrode germanium diode, is
	presented. It is shown that the prototype displays, for the first time, a combination of
	features (mass, energy threshold and background expectation) required for a measurement
	of coherent neutrino–nucleus scattering in a nuclear reactor experiment. First results are
	presented from its calibration using sub-kiloelectronvolt nuclear recoils similar to those
	expected from reactor antineutrinos or light WIMPs (weakly interacting massive particles)
	beyond the reach of present detectors. The device hybridizes the mass and energy
	resolution of a conventional HPGe coaxial gamma spectrometer with the low electronic
	noise and threshold of a small x-ray semiconductor detector, also displaying an intrinsic
	ability to distinguish multiple-site from single-site particle interactions. The present
	performance of the prototype and possible further improvements are discussed, as well
	as other applications for this new type of device in neutrino and astroparticle
	physics (double-beta decay, neutrino magnetic moment and novel WIMP searches).}
}

@article{npc,
  author={Luke, P.N. and Goulding, F.S. and Madden, N.W. and Pehl, R.H.},
  journal={IEEE Transactions on Nuclear Science}, 
  title={Low capacitance large volume shaped-field germanium detector}, 
  year={1989},
  volume={36},
  number={1},
  pages={926-930},
  doi={10.1109/23.34577}
  }

@article{drift_temp_dep,
	title = {Drift velocity and diffusivity of hot carriers in germanium: Model calculations},
	journal = {Solid-State Electronics},
	volume = {30},
	number = {12},
	pages = {1351-1354},
	year = {1987},
	issn = {0038-1101},
	doi = {https://doi.org/10.1016/0038-1101(87)90063-3},
	url = {https://www.sciencedirect.com/science/article/pii/0038110187900633},
	author = {M.Ali Omar and Lino Reggiani}
}

@article{icpc_psd,
	author = "Domula, A. and Hult, M. and Kermaidic, Y. and Marissens, G. and Schwingenheuer, B. and Wester, T. and Zuber, K.",
	title = {{Pulse shape discrimination performance of Inverted Coaxial Ge detectors}},
	eprint = "1711.01433",
	archivePrefix = "arXiv",
	primaryClass = "physics.ins-det",
	doi = "10.1016/j.nima.2018.02.056",
	journal = "Nucl. Instrum. Meth. A",
	volume = "891",
	pages = "106--110",
	year = "2018"
}

@article{icpc,
	title = {{A novel HPGe detector for gamma-ray tracking and imaging}},
	journal = "Nuclear Instruments and Methods in Physics Research Section A: Accelerators, Spectrometers, Detectors and Associated Equipment",
	volume = "665",
	pages = "25 - 32",
	year = "2011",
	issn = "0168-9002",
	doi = "https://doi.org/10.1016/j.nima.2011.10.008",
	url = "http://www.sciencedirect.com/science/article/pii/S0168900211018985",
	author = "R.J. Cooper and D.C. Radford and P.A. Hausladen and K. Lagergren",
	keywords = "HPGe detector, Gamma-ray tracking, Position sensitivity, Gamma-ray imaging",
	abstract = "A novel, large-volume High Purity Germanium (HPGe) detector that will provide gamma-ray detection with both sub-mm position resolution and high efficiency is under development. This design is based on a coaxial HPGe geometry and employs a point contact along with segmentation of the outer electrode. Calculations indicate that this device will be capable of achieving values of position sensitivity which are approximately a factor of four or five greater than conventional gamma-ray tracking detectors."
}

@article{low_conc_dets,
	title = "Characterization of high purity germanium point contact detectors with low net impurity concentration",
	journal = "Nuclear Instruments and Methods in Physics Research Section A: Accelerators, Spectrometers, Detectors and Associated Equipment",
	volume = "921",
	pages = "81 - 88",
	year = "2019",
	issn = "0168-9002",
	doi = "https://doi.org/10.1016/j.nima.2018.09.012",
	url = "http://www.sciencedirect.com/science/article/pii/S0168900218311215",
	author = "S. Mertens and A. Hegai and D.C. Radford and N. Abgrall and Y.-D. Chan and R.D. Martin and A.W.P. Poon and C. Schmitt",
	keywords = "Rare event search, Neutrinoless double beta decay, Germanium detector",
	abstract = "High Purity germanium point-contact detectors have low energy thresholds and excellent energy resolution over a wide energy range, and are thus widely used in nuclear and particle physics. In rare event searches, such as neutrinoless double beta decay, the point-contact geometry is of particular importance since it allows for pulse-shape discrimination, and therefore for a significant background reduction. In this paper we investigate the pulse-shape discrimination performance of ultra-high purity germanium point contact detectors. It is demonstrated that a minimal net impurity concentration is required to meet the pulse-shape performance requirements."
}

% --------------------- Software ---------------------

@software{siggen,
	author = "{D. Radford and I. Lee}",
	title = "{SigGen}",
	howpublished = {\url{https://github.com/radforddc/icpc_siggen}}
}

@article{ssd,
  author        = {Abt, I. and Fischer, F. and Hagemann, F. and Hauertmann, L. and Schulz, O. and Schuster, M. and Zsigmond, A. J.},
  title         = {Simulation of semiconductor detectors in 3D with SolidStateDetectors.jl},
  year          = {2021},
  month         = {8},
  journal       = {Journal of Instrumentation},
  publisher     = {{IOP} Publishing},
  volume        = {16},
  number        = {08},
  pages         = {P08007},
  doi           = {10.1088/1748-0221/16/08/p08007},
  url           = {https://doi.org/10.1088/1748-0221/16/08/p08007}
}

@software{struckvme,
	author = {Schulz, Oliver},
	title = "{StruckVMEDevices.jl}",
	howpublished = {\url{https://github.com/oschulz/StruckVMEDevices.jl}}
}

@software{rddsp,
	title = "{RadiationDetectorDSP.jl}",
	howpublished = {\url{https://github.com/JuliaPhysics/RadiationDetectorDSP.jl}}
}

@software{tomcode,
	author = "{Caldwell, T.}",
	title = "{wf\_to\_root.cc}",
	version = {1},
	date = {2019-04-12}
}

@software{tomcode2,
	author = "{Caldwell, T.}",
	title = "{waveform\_tree.cc}",
	version = {1},
	date = {2019-04-12}
}
@software{samcode,
	author = "{Meijer, S.J.}",
	title = "{sim\_waveform\_test.py}",
	version = {1},
	date = {2019-04-11}
}

% --------------------- Companies ---------------------

@online{maytec,
  author = "{MayTec Aluminium Systemtechnik GmbH}",
  title = {MayTec},
  url = {https://maytec.com.de}
}

@online{standa,
  author = "{STANDA LTD}",
  title = {Motorized Translation Stages},
  url = {https://www.standa.lt/products/catalog/motorised_positioners}
}

@online{trinamic,
  author = "{ADI Trinamic}",
  title = {TMCM-3110},
  url = {https://www.trinamic.com/products/modules/details/tmcm-3110}
}

@online{pt100,
  author = "{Lake Shore Cryotronics, Inc.}",
  title = {Platinum},
  url = {https://www.lakeshore.com/products/categories/overview/temperature-products/cryogenic-temperature-sensors/platinum}
}

@online{lakeshore,
  author = "{Lake Shore Cryotronics, Inc.}",
  title = {Model 218 Temperature Monitor},
  url = {https://www.lakeshore.com/products/categories/overview/temperature-products/cryogenic-temperature-monitors/model-218-temperature-monitor}
}

@online{ups,
  author = "{ONLINE UPS Systems AG}",
  title = {UPS 19 inch XANTO 3000R, 3000 W},
  url = {https://www.online-usv.de/produkte/19-usv-xanto-3000r}
}

@online{hvsupply,
  author = "{iseg Spezialelektronik GmbH}",
  title = {NHQ},
  url = {https://iseg-hv.com/en/products/detail/NHQ}
}
% --------------------- Textbooks ---------------------

@book{knoll,
	author    = "{G.F. Knoll}", 
	title     = "{Radiation Detection and Measurement}",
	publisher = "John Wiley and Sons, Inc.",
	year      = 1999,
	edition   = 3,
	isbn      = {0471073385}
}

@book{kittel,
	author    = {Charles Kittel}, 
	title     = "{Introduction to Solid State Physics}",
	publisher = "John Wiley and Sons, Inc.",
	year      = 2005,
	edition   = 8,
	isbn      = {047141526}
}


%------------------------ from CS paper----------------------

% ------------------ Motivation germanium detectors -----------------

@article{AGATA2012,
    author = {S. Akkoyun and others},
    collaboration = {AGATA collaboration},
    title = {{AGATA---Advanced GAmma Tracking Array}},
    journal = {Nucl. Instr. and Meth. A},
    volume = {668},
    pages = {26},
    year = {2012},
    issn = {0168-9002},
    doi = {10.1016/j.nima.2011.11.081},
    eprint = {1111.5731},
    archivePrefix = {arXiv},
    primaryClass = {physics.ins-det},
}

@article{GRETINA2013,
    author = {S. Paschalis and others},
    title = {{The performance of the Gamma-Ray Energy Tracking In-beam Nuclear Array GRETINA}},
    journal = {Nucl. Instr. and Meth. A},
    volume = {709},
    pages = {44},
    year = {2013},
    issn = {0168-9002},
    doi = {10.1016/j.nima.2013.01.009},
}


@article{vGeN2015,
    author = {V. Belov and others},
	title = {{The $\upnu${GeN} experiment at the Kalinin Nuclear Power Plant}},
	journal = {J. Instrum.},
	volume = {10},
	pages = {P12011},
	year = {2015},
	publisher = {{IOP} Publishing},
	doi = {10.1088/1748-0221/10/12/p12011},
}

@article{CONUS2019,
    author = {J. Hakenmüller and others},
    title = {{Neutron-induced background in the CONUS experiment}},
    journal = {Eur. Phys. J. C},
    year = {2019},
    volume = {79},
    pages = {699},
    doi = {10.1140/epjc/s10052-019-7160-2},
}

@article{CoGeNT2013,
    title = {{CoGeNT: A search for low-mass dark matter using $p$-type point contact germanium detectors}},
    author = {C. E. Aalseth and others},
    collaboration = {CoGeNT collaboration},
    journal = {Phys. Rev. D},
    volume = {88},
    issue = {1},
    pages = {012002},
    year = {2013},
    doi = {10.1103/PhysRevD.88.012002},
    eprint = {1208.5737},
    archivePrefix = {arXiv},
    primaryClass = {astro-ph.CO}
}

@article{SuperCDMS2014,
    title = {{Search for Low-Mass Weakly Interacting Massive Particles with SuperCDMS}},
    author = {R. Agnese and others},
    collaboration = {SuperCDMS collaboration},
    journal = {Phys. Rev. Lett.},
    volume = {112},
    issue = {24},
    pages = {241302},
    numpages = {6},
    year = {2014},
    month = {Jun},
    publisher = {American Physical Society},
    doi = {10.1103/PhysRevLett.112.241302},
    eprint = {1402.7137},
    archivePrefix = {arXiv},
    primaryClass = {hep-ex}
}

@article{CDEX2018,
    title = {{Limits on Light Weakly Interacting Massive Particles from the First $102.8\text{ }\text{kg}\ifmmode\times\else\texttimes\fi{}\text{day}$ Data of the CDEX-10 Experiment}},
    author = {H. Jiang and others},
    collaboration = {CDEX collaboration},
    journal = {Phys. Rev. Lett.},
    volume = {120},
    issue = {24},
    pages = {241301},
    numpages = {5},
    year = {2018},
    month = {Jun},
    publisher = {American Physical Society},
    doi = {10.1103/PhysRevLett.120.241301},
    eprint = {1802.09016},
    archivePrefix = {arXiv},
    primaryClass = {hep-ex}
}

@article{MAJORANA2019,
    author = {S. I. Alvis and others},
    title = {{Search for neutrinoless double-$\ensuremath{\beta}$ decay in $^{76}\mathrm{Ge}$ with 26 kg yr of exposure from the \textsc{Majorana Demonstrator}}},
    collaboration = {\textsc{Majorana} collaboration},
    journal = {Phys. Rev. C},
    volume = {100},
    issue = {2},
    pages = {025501},
    numpages = {11},
    year = {2019},
    month = {Aug},
    publisher = {American Physical Society},
    doi = {10.1103/PhysRevC.100.025501},
    eprint = {1902.02299},
    archivePrefix = {arXiv},
    primaryClass = {nucl-ex}
}

@article{LEGEND2017,
    author = {N. Abgrall and others},
    collaboration = {LEGEND collaboration},
    title = {{The large enriched germanium experiment for neutrinoless double beta decay (LEGEND)}},
    journal = {AIP Conf. Proc.},
    volume = {1894},
    pages = {020027},
    year = {2017},
    doi = {10.1063/1.5007652},
    eprint = {1709.01980},
    archivePrefix = {arXiv},
    primaryClass = {physics.ins-det}
}

@misc{LEGEND2021,
    title= {{LEGEND-1000 Preconceptual Design Report}},
    collaboration = {LEGEND collaboration},
    author = {N. Abgrall and others},
    year={2021},
    doi = {10.48550/arXiv.2107.11462},
    eprint={2107.11462},
    archivePrefix={arXiv},
    primaryClass={physics.ins-det}
}

@article{AGATA2021,
    author = {M. Siciliano and others},
    title = {{Position uncertainties of AGATA pulse-shape analysis estimated via the bootstrapping method}},
    journal = {Eur. Phys. J. A},
    volume = {57},
    pages = {64},
    year = {2021},
    doi = {10.1140/epja/s10050-021-00385-z},
    eprint = {2101.01779},
    archivePrefix = {arXiv},
    primaryClass = {nucl-ex}
}


@article{GERDA2013_2vbb,
	Author = {Agostini, M. and others},
	collaboration = {\textsc{Gerda} collaboration},
	Da = {2015/09/09},
	Date-Added = {2023-02-15 23:59:30 +0000},
	Date-Modified = {2023-02-15 23:59:30 +0000},
	Doi = {10.1140/epjc/s10052-015-3627-y},
	Id = {Agostini2015},
	Isbn = {1434-6052},
	Journal = {The European Physical Journal C},
	Number = {9},
	Pages = {416},
	Title = {Results on {\$}{\$}{$\backslash$}beta {$\backslash$}beta {\$}{\$}decay with emission of two neutrinos or Majorons in {\$}{\$}\^{}{\{}76{\}}{\$}{\$}Ge from GERDA Phase I},
	Ty = {JOUR},
	Url = {https://doi.org/10.1140/epjc/s10052-015-3627-y},
	Volume = {75},
	Year = {2015},
	Bdsk-Url-1 = {https://doi.org/10.1140/epjc/s10052-015-3627-y}
}

@article{GERDA2013,
    title = {{Pulse shape discrimination for \textsc{Gerda} Phase I data}},
    author = {M. Agostini and others},
    collaboration = {\textsc{Gerda} collaboration},
    journal = {Eur. Phys. J. C},
    volume = {73},
    pages = {2583},
    year = {2013},
    doi = {10.1140/epjc/s10052-013-2583-7},
    eprint = {1307.2610},
    archivePrefix = {arXiv},
    primaryClass = {physics.ins-det}
}
@article{lngs_muon_flux,
	title = {Flux modulations seen by the muon veto of the Gerda experiment},
	journal = {Astroparticle Physics},
	collaboration = {\textsc{Gerda} collaboration},
	volume = {84},
	pages = {29-35},
	year = {2016},
	issn = {0927-6505},
	doi = {https://doi.org/10.1016/j.astropartphys.2016.08.002},
	url = {https://www.sciencedirect.com/science/article/pii/S0927650516301141},
	author = {M. Agostini and others},
	keywords = {Water cherenkov detector, Underground experiment, Cosmic rays, Muon interaction},
}


@article{gerda_muon_veto,
	Author = {Freund, K. and Falkenstein, R. and Grabmayr, P. and Hegai, A. and Jochum, J. and Knapp, M. and Lubsandorzhiev, B. and Ritter, F. and Schmitt, C. and Sch{\"u}tz, A. -K. and Jitnikov, I. and Shevchik, E. and Shirchenko, M. and Zinatulina, D.},
	Da = {2016/05/25},
	Date-Added = {2023-03-03 16:44:06 +0000},
	Date-Modified = {2023-03-03 16:44:06 +0000},
	Doi = {10.1140/epjc/s10052-016-4140-7},
	Id = {Freund2016},
	Isbn = {1434-6052},
	Journal = {The European Physical Journal C},
	collaboration = {\textsc{Gerda} collaboration},
	Number = {5},
	Pages = {298},
	Title = {The performance of the Muon Veto of the Gerda experiment},
	Ty = {JOUR},
	Url = {https://doi.org/10.1140/epjc/s10052-016-4140-7},
	Volume = {76},
	Year = {2016},
	Bdsk-Url-1 = {https://doi.org/10.1140/epjc/s10052-016-4140-7}
}


@article{MAJORANA2019_PSA,
    author = {S. I. Alvis and others},
    title = {{Multisite event discrimination for the \textsc{Majorana demonstrator}}},
    collaboration = {\textsc{Majorana} collaboration},
    journal = {Phys. Rev. C},
    volume = {99},
    issue = {6},
    pages = {065501},
    numpages = {8},
    year = {2019},
    month = {Jun},
    publisher = {American Physical Society},
    doi = {10.1103/PhysRevC.99.065501},
    eprint = {1901.05388},
    archivePrefix = {arXiv},
    primaryClass = {physics.ins-det}
}

@article{ornl_analysis,
      author        = {V.E. Guiseppe and J.M.Lopez-Castano and D.C. Radford and R.L.Varner and C.-H. Yu},
      title         = "{M-TECHDOCUNI-2022-065; ORNL analysis}",
      month         = "Mar",
      year          = "2022",
}

% ------------------ Comparable setup & target resolution -----------------

@phdthesis{CAGE,
    author = {G. Othman},
    title = {{The CAGE Scanner: Investigating Surface Backgrounds in High-Purity Germanium Detectors}},
    school = {University of North Carolina at Chapel Hill},
    doi = {10.17615/y6x2-a646},
    year = {2021}
}

@article{TUBE,
      title = {{$\alpha$-event characterization and rejection in point-contact HPGe Detectors}}, 
      author = {I. J. Arnquist and others},
      collaboration = {\textsc{Majorana} collaboration},
      year = {2022},
      doi = {10.1140/epjc/s10052-022-10161-y},
      journal = {Eur. Phys. J. C},
      volume = {82},
      pages = {226}
}

@article{Gooch2015,
	doi = {10.1088/1742-6596/606/1/012008},
	year = 2015,
	volume = {606},
	pages = {012008},
	author = {C. Gooch and others},
	title = {{Germanium detector test-stands at the Max Planck Institute for Physics and alpha interactions on passivated surfaces}},
	journal = {J. Phys. Conf. Ser.},
}

@article{GALATEA,
    author = {I. Abt and others},
    title = {{The GALATEA test-facility for high purity germanium detectors}},
    journal = {Nucl. Instr. and Meth. A},
    volume = {782},
    pages = {56},
    year = {2015},
    doi = {10.1016/j.nima.2015.02.007},
    eprint = {1409.0493},
    archivePrefix = {arXiv},
    primaryClass = {physics.ins-det}
}

@article{Abt2007,
    author = {I. Abt and others},
    title = {{Background reduction in neutrinoless double beta decay experiments using segmented detectors -- A Monte Carlo study for the GERDA setup}},
    journal = {Nucl. Instr. and Meth. A},
    volume = {570},
    pages = {479},
    year = {2007},
    doi = {10.1016/j.nima.2006.10.188},
}

@article{Petry1993,
    author = {F. Petry and others},
    title = {{Background recognition in Ge detectors by pulse shape analysis}},
    journal = {Nucl. Instr. and Meth. A},
    volume = {332},
    pages = {107},
    year = {1993},
    doi = {10.1016/0168-9002(93)90746-5},
}

@article{Vetter2000,
    author = {K. Vetter and others},
    title = {{Three-dimensional position sensitivity in two-dimensionally segmented HP-Ge detectors}},
    journal = {Nucl. Instr. and Meth. A},
    volume = {452},
    pages = {223},
    year = {2000},
    issn = {0168-9002},
    doi = {10.1016/S0168-9002(00)00430-7},
}

@article{Abt2008,
    author = {I. Abt and others},
    title = {{Test of pulse shape analysis using single Compton scattering events}},
    journal = {Eur. Phys. J. C},
    volume = {54},
    pages = {425},
    year = {2008},
    doi = {10.1140/epjc/s10052-008-0555-0},
    eprint = {0708.0917},
    archivePrefix = {arXiv},
    primaryClass = {nucl-ex}
}

@ARTICLE{Dimmock2009,
    author={Dimmock, Matthew R. and others},
    journal={IEEE Trans. Nucl. Sci.}, 
    title={{Validation of Pulse Shape Simulations for an AGATA Prototype Detector}},
    year={2009},
    volume={56},
    number={4},
    pages={2415},
    doi={10.1109/TNS.2009.2021842}
}


@article{Ha2013,
    author = {T. M. H. Ha and others},
    title = {{New setup for the characterisation of the AGATA detectors}},
    journal = {Nucl. Instr. and Meth. A},
    volume = {697},
    pages = {123},
    year = {2013},
    doi = {10.1016/j.nima.2012.08.111}
}

@article{vonSturm2017,
    author = {K. {von Sturm} and others},
    title = {{A Compton scattering setup for pulse shape discrimination studies in germanium detectors}},
    journal = {Appl. Radiat. Isot.},
    volume = {125},
    pages = {163},
    year = {2017},
    issn = {0969-8043},
    doi = {10.1016/j.apradiso.2017.04.024},
}

@phdthesis{vonSturm2016,
    author = {K. {von Sturm}},
    title = {{Confined event samples using Compton coincidence measurements for signal and background studies in the GERDA experiment}},
    school = {{University of Padova}},
    year = {2016},
    url = {https://www.mpi-hd.mpg.de/gerda/public/2016/phd2016_KatharinavonSturm.pdf}
}

@phdthesis{bjorn,
    author = {B. Lehnert},
    title = {{Search for $2\nu\beta\beta$ Excited State Transitions and HPGe Characterization for Surface Events in GERDA Phase II}},
    school = {{Technischen Universit\"at Dresden}},
    year = {2016}
}

@article{Crespi2008,
	title = {A novel technique for the characterization of a {HPGe} detector response based on pulse shape comparison},
	author = {F.C.L. Crespi and others},
	doi = {10.1016/j.nima.2008.05.057},
	journal = {Nucl. Instr. and Meth. A},
	pages = {440},
	volume = {593},
	year = {2008}
}


@article{DeCanditiis2020,
    author = {B. {De Canditiis} and G.~Duch\^ene},
    title = {Simulations using the pulse shape comparison scanning technique on an AGATA segmented HPGe gamma-ray detector},
    journal = {Eur. Phys. J. A},
    volume = {56},
    pages = {276},
    year = {2020},
    doi = {10.1140/epja/s10050-020-00287-6},
}

@article{Klein1929,
    author = {O. Klein and Y. Nishina},
    title = {Über die Streuung von Strahlung durch freie Elektronen nach der neuen relativistischen Quantendynamik von Dirac},
    journal = {Z. Physik},
    volume = {52},
    pages = {853},
    year = {1929},
    doi = {10.1007/BF01366453},
}



% ------------------ Source collimator citations ---------------------

@book{Firestone,
    author = {R. B. Firestone and others},
    title = {Table of Isotopes},
    edition = {8},
    year = {1999},
    publisher = {John Wiley \& Sons},
    address = {New York}
}

@article{Eberth2008,
    author = {J. Eberth and J. Simpson},
    title = {{From Ge(Li) detectors to gamma-ray tracking arrays–50 years of gamma spectroscopy with germanium detectors}},
    journal = {Prog. Part. Nucl. Phys.},
    volume = {60},
    pages = {283},
    year = {2008},
    doi = {10.1016/j.ppnp.2007.09.001}
}


@article{Thoraeus1965,
    author = {R. Thoraeus},
    title = {{Attenuation of Gamma Radiation from $^{60}$Co, $^{137}$Cs, $^{192}$Ir, and $^{226}$Ra in Various Materials Used in Radiotherapy}},
    journal = {Acta Radiol.},
    volume = {3},
    pages = {81},
    year  = {1965},
    doi = {10.3109/02841866509133082},
}


% ------------------ CZT citations ---------------------
@ARTICLE{czt_unipolar,
  author={Luke, P.N.},
  journal={IEEE Transactions on Nuclear Science}, 
  title={Unipolar charge sensing with coplanar electrodes-application to semiconductor detectors}, 
  year={1995},
  volume={42},
  number={4},
  pages={207-213},
  doi={10.1109/23.467848}
  }

@misc{H3D,
    author = {{H3D, Inc.}},
    howpublished = {\url{https://h3dgamma.com/}},
    note = {Accessed 4 February 2022}
}


@article{delSordo2009,
    author = {S. {Del Sordo} and others},
    title = {{Progress in the Development of CdTe and CdZnTe Semiconductor Radiation Detectors for Astrophysical and Medical Applications}},
    journal = {Sensors},
    volume = {9},
    year = {2009},
    pages = {3491},
    doi = {10.3390/s90503491}
}

@article{cdte_bandgap,
	title = {Temperature dependence of the band gap energy of crystalline CdTe},
	journal = {Journal of Physics and Chemistry of Solids},
	volume = {61},
	number = {4},
	pages = {579-583},
	year = {2000},
	issn = {0022-3697},
	doi = {https://doi.org/10.1016/S0022-3697(99)00254-1},
	url = {https://www.sciencedirect.com/science/article/pii/S0022369799002541},
	author = {{G. Fonthal and L. Tirado-Mej\'ia and J.I. Mar\'in-Hurtado and H. Ariza-Calder\'on and J.G. Mendoza-Alvarez}},
	keywords = {A. Semiconductors, Gap energy, D. Optical properties}
}

@article{znte_bandgap,
	title = {Synthesis and temperature-tuned band gap characteristics of magnetron sputtered ZnTe thin films},
	journal = {Physica B: Condensed Matter},
	volume = {582},
	pages = {411968},
	year = {2020},
	issn = {0921-4526},
	doi = {https://doi.org/10.1016/j.physb.2019.411968},
	url = {https://www.sciencedirect.com/science/article/pii/S0921452619308464},
	author = {M. Isik and H.H. Gullu and M. Parlak and N.M. Gasanly},
	keywords = {ZnTe, Thin film, Optical properties}
}

@article{cdznte_bandgap,
	title = {{Bandgap engineering of Cd$1-x$Zn$_x$Te$_{1-y}$Se$_y$(0<x<0.27,0<y<0.026)}},
	journal = {Nuclear Instruments and Methods in Physics Research Section A: Accelerators, Spectrometers, Detectors and Associated Equipment},
	volume = {1036},
	pages = {166836},
	year = {2022},
	issn = {0168-9002},
	doi = {https://doi.org/10.1016/j.nima.2022.166836},
	url = {https://www.sciencedirect.com/science/article/pii/S0168900222003187},
	author = {Beomjun Park and Yonghoon Kim and Jiwon Seo and Jangwon Byun and V. Dedic and J. Franc and A.E. Bolotnikov and Ralph B. James and Kihyun Kim},
	keywords = {Bandgap engineering, CdZnTeSe, Pulse height spectra, Energy resolution enhancement, Defects}
}

@INPROCEEDINGS{Si_thickness,
  author={Phlips, B.F. and Johnson, W.N. and Kroeger, R.A. and Kurfess, J.D.},
  booktitle={2001 IEEE Nuclear Science Symposium Conference Record (Cat. No.01CH37310)}, 
  title={Development of thick intrinsic silicon detectors for hard X-ray and gamma-ray detection}, 
  year={2001},
  volume={1},
  number={},
  pages={207-211 vol.1},
  doi={10.1109/NSSMIC.2001.1008442}
}


@article{bandgap_with_t,
    doi = {10.1088/1361-648X/aba45d},
    url = {https://dx.doi.org/10.1088/1361-648X/aba45d},
    year = {2020},
    month = {aug},
    publisher = {IOP Publishing},
    volume = {32},
    number = {47},
    pages = {475503},
    author = {Yiming Zhang and Ziyu Wang and Jinyang Xi and Jiong Yang},
    title = {Temperature-dependent band gaps in several semiconductors: from the role of electron-phonon renormalization},
    journal = {Journal of Physics: Condensed Matter}
}

@article{eff_mass_e,
  title = {Cyclotron Resonance Experiments in Silicon and Germanium},
  author = {Dexter, R. N. and Zeiger, H. J. and Lax, Benjamin},
  journal = {Phys. Rev.},
  volume = {104},
  issue = {3},
  pages = {637--644},
  numpages = {0},
  year = {1956},
  month = {Nov},
  publisher = {American Physical Society},
  doi = {10.1103/PhysRev.104.637},
  url = {https://link.aps.org/doi/10.1103/PhysRev.104.637}
}

@article{fermi-dirac,
	author = {Dirac, Paul Adrien Maurice  and Fowler, Ralph Howard },
	title = {On the theory of quantum mechanics},
	journal = {Proceedings of the Royal Society of London. Series A, Containing Papers of a Mathematical and Physical Character},
	volume = {112},
	number = {762},
	pages = {661-677},
	year = {1926},
	doi = {10.1098/rspa.1926.0133},

	URL = {https://royalsocietypublishing.org/doi/abs/10.1098/rspa.1926.0133},
	eprint = {https://royalsocietypublishing.org/doi/pdf/10.1098/rspa.1926.0133}
}

@article{lithium_diffusion,
  title = {Diffusion of Lithium into Germanium and Silicon},
  author = {Fuller, C. S. and Ditzenberger, J. A.},
  journal = {Phys. Rev.},
  volume = {91},
  issue = {1},
  pages = {193--193},
  numpages = {0},
  year = {1953},
  month = {Jul},
  publisher = {American Physical Society},
  doi = {10.1103/PhysRev.91.193},
  url = {https://link.aps.org/doi/10.1103/PhysRev.91.193}
}

@article{drift_pars,
	title = {Characterization of large volume HPGe detectors. Part II: Experimental results},
	journal = {Nuclear Instruments and Methods in Physics Research Section A: Accelerators, Spectrometers, Detectors and Associated Equipment},
	volume = {569},
	number = {3},
	pages = {774-789},
	year = {2006},
	issn = {0168-9002},
	doi = {https://doi.org/10.1016/j.nima.2006.08.129},
	url = {https://www.sciencedirect.com/science/article/pii/S0168900206015178},
	author = {Bart Bruyneel and Peter Reiter and Gheorghe Pascovici},
	keywords = {Gamma ray instruments, Position-sensitive germanium detectors, Pulse shape analysis, Anisotropic mobility},
	abstract = {Measurements on a 12-fold segmented, n-type, large volume, irregular shaped HPGe detector were performed in order to determine the parameters of anisotropic mobility for electrons and holes as charge carriers created by γ-ray interactions. To characterize the electron mobility the complete outer detector surface was scanned in small steps employing photopeak interactions at 60keV. A precise measurement of the hole drift anisotropy was performed with 356keV γ-rays. The drift velocity anisotropy and crystal geometry cause considerable rise time differences in pulse shapes depending on the position of the spatial charge carrier creation. Pulse shapes of direct and transient signals are reproduced by weighting potential calculations with high precision. The measured angular dependence of rise times is caused by the anisotropic mobility, crystal geometry, changing field strength and space charge effects. Preamplified signals were processed employing digital spectroscopy electronics. Response functions, crosstalk contributions and averaging procedures were taken into account implying novel methods due to the segmentation of the Ge-crystal and digital signal processing electronics.}
}


@article{Kim2019,
    author = {Y. Kim and T. Lee and W. Lee},
    title = {{Radiation measurement and imaging using 3D position sensitive pixelated CZT detector}},
    journal = {Nucl. Eng. Technol.},
    volume = {51},
    pages = {1417},
    year = {2019},
    issn = {1738-5733},
    doi = {10.1016/j.net.2019.03.009},
    
}

@article{Wahl2015,
    author = {C. G. Wahl and others},
    title = {{The Polaris-H imaging spectrometer}},
    journal = {Nucl. Instr. and Meth. A},
    volume = {784},
    pages = {377},
    year = {2015},
    doi = {10.1016/j.nima.2014.12.110},
}

@article{Zhu2011,
  author={Y. Zhu and S.E. Anderson and Z. He},
  journal={IEEE Trans. Nucl. Sci.}, 
  title={{Sub-Pixel Position Sensing for Pixelated, 3-D Position Sensitive, Wide Band-Gap, Semiconductor, Gamma-Ray Detectors}}, 
  year={2011},
  volume={58},
  number={3},
  pages={1400},
  doi={10.1109/TNS.2011.2132738}
 }
 
 
@article{He1996,
    author = {Z. He and others},
    title = {{1-D position sensitive single carrier semiconductor detectors}},
    journal = {Nucl. Instr. and Meth. A},
    volume = {380},
    pages = {228},
    year = {1996},
    doi = {10.1016/S0168-9002(96)00352-X},
}

% ------------------ DAQ citations ---------------------

@article{Abt2019,
    title = {{Characterisation of an n-type segmented BEGe detector}},
    journal = {Nucl. Instr. and Meth. A},
    volume = {925},
    pages = {172},
    year = {2019},
    issn = {0168-9002},
    doi = {10.1016/j.nima.2019.02.005},
    author = {I. Abt and others},
    eprint = {1810.10332},
    archivePrefix = {arXiv},
    primaryClass = {physics.ins-det}
}

@mastersthesis{Hagemann2020,
    author = {F. Hagemann},
    title  = {Dependence of signal development in germanium detectors on temperature and operating voltage},
    school = {Technische Universität Berlin},
    month  = {September},
    year   = {2020},
    url = {https://publications.mppmu.mpg.de/2020/MPP-2020-177/FullText.pdf}
}

@article{Agostini2011,
    author = {M. Agostini and others},
	doi = {10.1088/1748-0221/6/03/p03005},
	year = {2011},
	publisher = {{IOP} Publishing},
	volume = {6},
	pages = {P03005},
	title = {Signal modeling of high-purity Ge detectors with a small read-out electrode and application to neutrinoless double beta decay search in Ge-76},
	journal = {J. Instrum.},
}

@misc{isegSHQ226L,
    author = {iseg},
    title = {{SHQ Series -- Digital controllable high precision AC desktop HV supply}},
    year = {2017},
    howpublished = {\url{https://iseg-hv.com/download/AC_DC/SHQ/iseg_manual_SHQ_en_2.0.pdf}},
    note = {Accessed 4 February 2022}
}

@misc{PSC823,
    author = {{EURISYS}},
    title = {{PSC823C operating manual}},
    year = {2003},
    howpublished = {\url{https://siliconpr0n.org/media/camac/1/PSC823.pdf}},
    note = {Accessed 4 February 2022}
}

@misc{STRUCK,
    author = {{Struck Innovative Systems}},
    howpublished = {\url{https://www.struck.de/sis3316.html}},
    note = {Accessed 4 February 2022}
}

@misc{NIST,
    author = {{NIST XCOM}},
    title = {{Photon Cross Sections Data}},
    howpublished = {\url{https://physics.nist.gov/PhysRefData/Xcom/html/xcom1.html}},
    note = {Accessed 20 March 2023}
}

@misc{NIST_e,
    author = {{NIST XCOM}},
    title = {{Photon Cross Sections Data}},
    howpublished = {\url{https://physics.nist.gov/cgi-bin/Star/e_table.pl}},
    note = {Accessed 29 March 2022}
}

% ------------------ Simulation packages -----------------

@article{Bruyneel2006,
    author = {B. Bruyneel and P. Reiter and G. Pascovici},
    title = {{Characterization of large volume HPGe detectors. Part II: Experimental results}},
    journal = {Nucl. Instr. and Meth. A},
    volume = {569},
    number = {3},
    pages = {774},
    year = {2006},
    doi = {10.1016/j.nima.2006.08.129}
}

@article{driftvelSi1,
  author={Norris, C.B. and Gibbons, J.F.},
  journal={IEEE Transactions on Electron Devices}, 
  title={Measurement of high-field carrier drift velocities in silicon by a time-of-flight technique}, 
  year={1967},
  volume={14},
  number={1},
  pages={38-43},
  doi={10.1109/T-ED.1967.15893}
}

@ARTICLE{driftvelSi2,
  author={Rodriguez, V. and Ruegg, H. and Nicolet, M.-A.},
  journal={IEEE Transactions on Electron Devices}, 
  title={Measurement of the drift velocity of holes in silicon at high-field strengths}, 
  year={1967},
  volume={14},
  number={1},
  pages={44-46},
  doi={10.1109/T-ED.1967.15894}
}

@article{driftvelGe,
  title = {Hole drift velocity in germanium},
  author = {Reggiani, L. and Canali, C. and Nava, F. and Ottaviani, G.},
  journal = {Phys. Rev. B},
  volume = {16},
  issue = {6},
  pages = {2781--2791},
  numpages = {0},
  year = {1977},
  month = {Sep},
  publisher = {American Physical Society},
  doi = {10.1103/PhysRevB.16.2781},
  url = {https://link.aps.org/doi/10.1103/PhysRevB.16.2781}
}

@article{driftvelGe_temp,
    author = {Ottaviani, G. and Canali, C. and Nava, F. and Mayer, J. W.},
    title = "{Hole drift velocity in high-purity Ge between 8 and 220 K}",
    journal = {Journal of Applied Physics},
    volume = {44},
    number = {6},
    pages = {2917-2918},
    year = {2003},
    month = {10},
    doi = {10.1063/1.1662678},
    url = {https://doi.org/10.1063/1.1662678},
    eprint = {https://pubs.aip.org/aip/jap/article-pdf/44/6/2917/7952008/2917\_1\_online.pdf},
}


@article{drift_parametrization,
  author={Caughey, D.M. and Thomas, R.E.},
  journal={Proceedings of the IEEE}, 
  title={Carrier mobilities in silicon empirically related to doping and field}, 
  year={1967},
  volume={55},
  number={12},
  pages={2192-2193},
  doi={10.1109/PROC.1967.6123}
}

@article{Mihailescu2000,
    author = {L. Mihailescu and others},
    title = {{The influence of anisotropic electron drift velocity on the signal shapes of closed-end HPGe detectors}},
    journal = {Nucl. Instr. and Meth. A},
    volume = {447},
    number = {3},
    pages = {350},
    year = {2000},
    doi = {10.1016/S0168-9002(99)01286-3}
}

@article{Bruyneel2016,
    author = {B. Bruyneel and B. Birkenbach and P. Reiter},
    title = {{Pulse shape analysis and position determination in segmented HPGe detectors: The AGATA detector library}},
    journal = {Eur. Phys. J. A},
    volume = {52},
    pages = {70},
    year = {2016},
    doi = {10.1140/epja/i2016-16070-9}
}

@ARTICLE{drift_model_electrons,
  author={Ottaviani, G. and Canali, C. and Quaranta, A. Alberigi},
  journal={IEEE Transactions on Nuclear Science}, 
  title={Charge Carrier Transport Properties of Semiconductor Materials Suitable for Nuclear Radiation Detectors}, 
  year={1975},
  volume={22},
  number={1},
  pages={192-204},
  doi={10.1109/TNS.1975.4327640}
}

@article{gunn_effect,
  author={Ottaviani, G. and Canali, C. and Quaranta, A. Alberigi},
  journal={IEEE Transactions on Nuclear Science}, 
  title={Charge Carrier Transport Properties of Semiconductor Materials Suitable for Nuclear Radiation Detectors}, 
  year={1975},
  volume={22},
  number={1},
  pages={192-204},
  doi={10.1109/TNS.1975.4327640}
}


@article{Abt2021,
    author = {I. Abt and others},
    title = {{Simulation of semiconductor detectors in 3D with SolidStateDetectors.jl}},
    year = {2021},
    month = {8},
    journal = {J. Instrum.},
    publisher = {{IOP} Publishing},
    volume = {16},
    pages = {P08007},
    doi = {10.1088/1748-0221/16/08/p08007},
    eprint = {2104.00109},
    archivePrefix = {arXiv},
    primaryClass = {physics.ins-det}
}

@article{GEANT4,
    author = {S. Agostinelli and others},
    title = {{\textsc{Geant4} $-$ a simulation toolkit}},
    journal = {Nucl. Instr. and Meth. A},
    year = {2003},
    volume = {506},
    pages = {250},
    doi = {10.1016/S0168-9002(03)01368-8},
}




% ------------------ Future detectors -----------------

@article{Cooper2011,
    author = {R. J. Cooper and others},
    title = {{A novel HPGe detector for gamma-ray tracking and imaging}},
    journal = {Nucl. Instr. and Meth. A},
    volume = {665},
    pages = {25},
    year = {2011},
    issn = {0168-9002},
    doi = {10.1016/j.nima.2011.10.008}
}

@article{GERDA2021,
    author = {M. Agostini and others},
    collaboration = {GERDA collaboration},
    title = {{Characterization of inverted coaxial $^{76}$Ge detectors in GERDA for future double-$\beta$ decay experiments}},
    journal = {Eur. Phys. J. C},
    volume = {81},
    pages = {505},
    year = {2021},
    doi = {10.1140/epjc/s10052-021-09184-8},
    eprint = {2103.15111},
    archivePrefix = {arXiv},
    primaryClass = {physics.ins-det}
}

@article{Abt2007B,
    author = {I. Abt and others},
    title = {{Characterization of the first true coaxial 18-fold segmented n-type prototype HPGe detector for the GERDA project}},
    journal = {Nucl. Instr. and Meth. A},
    volume = {577},
    pages = {574},
    year = {2007},
    doi = {10.1016/j.nima.2007.03.035},
    eprint = {nucl-ex/0701004},
    archivePrefix = {arXiv},
    primaryClass = {nucl-ex}
}

%------------------- Integration section ---------------------------

@manual{poptopmanual,
	author = {{Advanced Measurement Technology, Inc}},
	title = {{GAMMA-X\textsuperscript{\tiny\textregistered}} {HPGe} (High-Purity Germanium) Coaxial Photon Detector System},
	date = {2004},
	language = {English},
	version = {},
	organization = {Advanced Measurement Technology, Inc},
	pagetotal = {24}
}

@manual{poptopfig,
	author = {{Advanced Measurement Technology, Inc}},
	title = {PROFILE Coaxial HPGe Photon Detector Product Configuration Guide},
	date = {},
	language = {English},
	version = {},
	organization = {Advanced Measurement Technology, Inc},
	pagetotal = {20},
}

@manual{il300,
	author = {{Vishay Semiconductors}},
	title = {IL300:Linear Optocoupler, High Gain Stability, Wide Bandwidth},
	date = {2017-05-31},
	language = {English},
	version = {1.9},
	organization = {Vishay Semiconductors},
	pagetotal = {20},
}

@misc{pen,
  doi = {10.48550/ARXIV.2204.02866},
  
  url = {https://arxiv.org/abs/2204.02866},
  
  author = {Hackett, Brennan and others},
  
  keywords = {Instrumentation and Detectors (physics.ins-det), High Energy Physics - Experiment (hep-ex), Nuclear Experiment (nucl-ex), FOS: Physical sciences, FOS: Physical sciences},
  
  title = {Light Response of Poly(ethylene 2,6-napthalate) to Neutrons},
  
  publisher = {arXiv},
  
  year = {2022},
  
  copyright = {Creative Commons Attribution 4.0 International}
}

@article{uglar,
  title = {DarkSide-50 532-day dark matter search with low-radioactivity argon},
  author = {Agnes, P. and others},
  collaboration = {DarkSide Collaboration},
  journal = {Phys. Rev. D},
  volume = {98},
  issue = {10},
  pages = {102006},
  numpages = {17},
  year = {2018},
  month = {Nov},
  publisher = {American Physical Society},
  doi = {10.1103/PhysRevD.98.102006},
  url = {https://link.aps.org/doi/10.1103/PhysRevD.98.102006}
}
